<record xmlns="http://www.openarchives.org/OAI/2.0/" xmlns:xsi="http://www.w3.org/2001/XMLSchema-instance"><header><identifier>oai:alma.34CSIC_INST:990012275700204201</identifier><datestamp>2020-02-06T08:41:03Z</datestamp><setSpec>manuscripta</setSpec></header><metadata><record xmlns="http://www.loc.gov/MARC21/slim" xmlns:xsi="http://www.w3.org/2001/XMLSchema-instance" xsi:schemaLocation="http://www.loc.gov/MARC21/slim http://www.loc.gov/standards/marcxml/schema/MARC21slim.xsd"><leader>05225ntm a2200625 i 4500</leader><controlfield tag="005">20181031100346.0</controlfield><controlfield tag="008">100331q1400    sp            000 0 ara d</controlfield><controlfield tag="001">990012275700204201</controlfield><datafield tag="035" ind1=" " ind2=" "><subfield code="a">CSIC001227570</subfield></datafield><datafield tag="035" ind1=" " ind2=" "><subfield code="a">(ES-MaCSI)001227570MAD01-Aleph</subfield></datafield><datafield tag="035" ind1=" " ind2=" "><subfield code="a">(OCoLC)1123882258
</subfield></datafield><datafield tag="040" ind1=" " ind2=" "><subfield code="a">ES-MaCSI</subfield><subfield code="b">spa</subfield></datafield><datafield tag="080" ind1=" " ind2=" "><subfield code="a">091(=411.21)</subfield></datafield><datafield tag="080" ind1=" " ind2=" "><subfield code="a">28</subfield></datafield><datafield tag="080" ind1=" " ind2=" "><subfield code="a">28-587</subfield></datafield><datafield tag="245" ind1="1" ind2="0"><subfield code="a">[Obra de mística]</subfield><subfield code="h">[Manuscrito]</subfield></datafield><datafield tag="260" ind1=" " ind2=" "><subfield code="a">[S.l.],</subfield><subfield code="c">[S. a., apróx. s. XV].</subfield></datafield><datafield tag="300" ind1=" " ind2=" "><subfield code="a">130 ff. (1 col. 18 líneas por pág.) :</subfield><subfield code="b">Papel tratado grueso ;</subfield><subfield code="c">22,2x14,3 cm. (caja: 16x10).</subfield></datafield><datafield tag="490" ind1="1" ind2=" "><subfield code="a">Manuscripta</subfield></datafield><datafield tag="500" ind1=" " ind2=" "><subfield code="a">Incipit:ورسوله المصطفى و نبيه المرتضى ارسله [...]لنور الساطع الضيا الامع والسراج لامع محمد بن</subfield></datafield><datafield tag="500" ind1=" " ind2=" "><subfield code="a">Explicit: او نحوه فسالوه فانزل الله قل هو الله احد [...] ولم يولد و لم يكن له ك[...]</subfield></datafield><datafield tag="500" ind1=" " ind2=" "><subfield code="a">Tinta negra y roja.</subfield></datafield><datafield tag="500" ind1=" " ind2=" "><subfield code="a">Copista: Al menos 2 desconocidos.</subfield></datafield><datafield tag="500" ind1=" " ind2=" "><subfield code="a">Colofón: No.</subfield></datafield><datafield tag="500" ind1=" " ind2=" "><subfield code="a">Características especiales: Entre ff. 64 y 65: pedazo de folio escrito en árabe. Entre ff. 81 y 82: medio bifolio con escritos sobre magia.</subfield></datafield><datafield tag="500" ind1=" " ind2=" "><subfield code="a">Ilustración: No.</subfield></datafield><datafield tag="500" ind1=" " ind2=" "><subfield code="a">Ilustraciones: No.</subfield></datafield><datafield tag="500" ind1=" " ind2=" "><subfield code="a">Tipo de cuaderno: [reconstrucción: 1 de 7 bifolios, 5 de 10 bifolios, y 1 de 8 bifolios]</subfield></datafield><datafield tag="500" ind1=" " ind2=" "><subfield code="a">Deterioros generales: Sin encuadernación, humedades, muchas hojas sueltas, galerías por insectos.</subfield></datafield><datafield tag="500" ind1=" " ind2=" "><subfield code="a">H. en blanco: No.</subfield></datafield><datafield tag="500" ind1=" " ind2=" "><subfield code="a">H. dañadas, mutiladas, sueltas: Sueltas: 1, cuaderno (ff.2-10), 11-14, cuaderno (ff.15-32), 33, 52-54, 71-74, 9-93, 108-112. Muy dañadas: 1-12, 113-final. Mutilada: 57.</subfield></datafield><datafield tag="500" ind1=" " ind2=" "><subfield code="a">H. faltan o añadidas: Faltan algunas al principio, una entre el 13 y el 14, otra entre 14 y el 15 y otra entre los 32 y el 33.</subfield></datafield><datafield tag="500" ind1=" " ind2=" "><subfield code="a">Foliación: 1-129, a lápiz, en la parte superior derecha del verso. (entre los ff. 6 y 7, uno sin numerar).</subfield></datafield><datafield tag="500" ind1=" " ind2=" "><subfield code="a">Reclamos: No.</subfield></datafield><datafield tag="500" ind1=" " ind2=" "><subfield code="a">Signatura de cuaderno: No.</subfield></datafield><datafield tag="500" ind1=" " ind2=" "><subfield code="a">Pautado: No se aprecia. Distancia interlineal: 0,8-1cm.</subfield></datafield><datafield tag="500" ind1=" " ind2=" "><subfield code="a">Filigrana: Bifolios 82-83, 86-79, 96-105, 97-104, 100-101, 114-125, 117-122, 119-120, 128-129: cuerno de caza similar a Briquet nº7715. -Bifolios 3-9, 6-6 bis, 15-32, 19-28, 20-27, 22-25, 35-54, 39-46, 42-43, 56-69, 57-68, 61-64, 62-63, 80-85: letra “T”, similar a Briquet nº 9091.</subfield></datafield><datafield tag="500" ind1=" " ind2=" "><subfield code="a">Signatura antigua: Junta 36</subfield></datafield><datafield tag="500" ind1=" " ind2=" "><subfield code="a">Anotaciones: Anotaciones en castellano en ff.: 52v, 53r, 54r-v, 70v, 75v y 117r. f. 129: juṭba ŷumʽua.</subfield></datafield><datafield tag="510" ind1="3" ind2=" "><subfield code="a">Descripción: J. Ribera y M. Asín (dirs.), Manuscritos árabes y aljamiados de la biblioteca de la Junta: noticia y extractos, Madrid: Junta para la ampliación de Estudios e Investigaciones Científicas, 1912, 136.</subfield></datafield><datafield tag="510" ind1="4" ind2=" "><subfield code="a">Bibliografía: J. Ribera y M. Asín (dirs.), Manuscritos árabes y aljamiados de la biblioteca de la Junta: noticia y extractos, Madrid: Junta para la ampliación de Estudios e Investigaciones Científicas, 1912, 136.</subfield></datafield><datafield tag="520" ind1="2" ind2=" "><subfield code="a">Obra anónima y acéfala de mística especulativa, de la que se conserva otra copia en el manuscrito RESC 10/1.</subfield></datafield><datafield tag="530" ind1=" " ind2=" "><subfield code="a">Mª del P. Martínez Olmo, Colección de manuscritos árabes y aljamiados de la Biblioteca del Instituto de Filología del CSIC, Instituto de Filología CSIC, Madrid, 1998 (4 Cd-Rom), CD 3.</subfield></datafield><datafield tag="541" ind1=" " ind2=" "><subfield code="a">Procedencia: Almonacid de la Sierra. Pablo Gil. Sección Árabe Centro de Estudios Históricos (JAE). Escuela de Estudios Árabes de Madrid. Instituto de Filología, CSIC.</subfield><subfield code="d">Ingreso: Junio 1910.</subfield></datafield><datafield tag="546" ind1=" " ind2=" "><subfield code="a">Árabe</subfield><subfield code="b">con escritura magrebí</subfield></datafield><datafield tag="563" ind1=" " ind2=" "><subfield code="a">Inexistente, Queda una parte de la cuerda a la que están sujetos parte de los folios. Envuelto en una hoja de papel moderno con una nota a lápiz “Fragmento de exégesis alcoránica” “nº36”</subfield></datafield><datafield tag="594" ind1=" " ind2="1"><subfield code="a">El ms. no consta de tít., ni de aut.</subfield></datafield><datafield tag="595" ind1=" " ind2=" "><subfield code="a">No.</subfield></datafield><datafield tag="650" ind1=" " ind2="7"><subfield code="a">Manuscritos árabes.</subfield><subfield code="2">CSICAU</subfield></datafield><datafield tag="650" ind1=" " ind2="7"><subfield code="a">Manuscritos aljamiados.</subfield><subfield code="2">CSICAU</subfield></datafield><datafield tag="650" ind1=" " ind2="7"><subfield code="a">Islam.</subfield><subfield code="2">CSICAU</subfield></datafield><datafield tag="650" ind1=" " ind2="7"><subfield code="a">Misticismo.</subfield><subfield code="2">CSICAU</subfield></datafield><datafield tag="830" ind1=" " ind2="0"><subfield code="a">Manuscripta</subfield></datafield><datafield tag="856" ind1="4" ind2="1"><subfield code="u">http://aleph.csic.es/imagenes/mad01/0006_PMSC/P_001227570_650981_V00.pdf</subfield><subfield code="z">Descargar Pdf completo (22M)</subfield><subfield code="m">CSIC</subfield></datafield><datafield tag="856" ind1="4" ind2="1"><subfield code="u">http://simurg.bibliotecas.csic.es/viewer/image/CSIC001227570/1/</subfield><subfield code="z">Ver texto completo en SIMURG, el portal de fondos digitalizados del CSIC</subfield><subfield code="m">CSIC</subfield></datafield><datafield tag="856" ind1="4" ind2="1"><subfield code="u">http://aleph.csic.es/imagenes/mad01/0006_PMSC/html/001227570.html</subfield><subfield code="z">Ver texto completo en Bookreader</subfield></datafield></record></metadata></record>